@article{Schill,
author = "Mark F. Schilling",
title = "The Surprising Predictability of Long Runs",
journal = "Mathematics Magazine",
volume = "85",
year = "2012",
number = "2",
pages = "141--149"
}
