@book{2QUANTINTRO,
 author = "Eleanor Rieffel  and Wolfgang Polak  ",
 publisher = {MIT Press},
 title = {Quantum computing: a gentle introduction},
 year = {2011}
}
@Online{1IBM,
    title     = "What is Quantum Computing",
    url       = "https://www.ibm.com/quantum-computing/what-is-quantum-computing/",
    publisher = "IBM"
    
}

@Online{3MIT,
 author = {Martin, Giles},
 date = {2019-01-29},
 title = {Explainer: What is a quantum computer?},
 journal = {MIT Technology Review},
 url = {https://www.technologyreview.com/2019/01/29/66141/what-is-quantum-computing},
 urldate = {2020-05-02}
}

@Online{4SCIMAG,
 author = {Adrian, Cho},
 date = {2020-09-15},
 title = {IBM promises 1000-qubit quantum computer—a milestone—by 2023},
 journal = {Science Magazine},
 url = {https://www.sciencemag.org/news/2020/09/ibm-promises-1000-qubit-quantum-computer-milestone-2023},
 urldate = {2020-05-02}
}

@Online{5SCIAMER,
 author = {Charles H. Bennet and Roff Landauer},
 date = {1985-07-1},
 title = {The Fundamental Physical Limits of Computation},
 journal = {Science American},
 url = {https://www.scientificamerican.com/article/the-fundamental-physical-limits-of-computation/},
 urldate = {2020-05-02}
}


